@article{KAWANO19831,
title = "Experimental methods and techniques for negative-ion production by surface ionization. Part I. Fundamental aspects of surface ionization",
journal = "International Journal of Mass Spectrometry and Ion Physics",
volume = "50",
number = "1",
pages = "1 - 33",
year = "1983",
note = "",
issn = "0020-7381",
doi = "http://dx.doi.org/10.1016/0020-7381(83)80001-1",
url = "http://www.sciencedirect.com/science/article/pii/0020738183800011",
author = "Hiroyuki Kawano and Francis Michael Page",

}
